%YAML 1.1
%TAG !u! tag:unity3d.com,2011:
--- !u!1 &1063673740405047803
GameObject:
  m_ObjectHideFlags: 0
  m_CorrespondingSourceObject: {fileID: 0}
  m_PrefabInstance: {fileID: 0}
  m_PrefabAsset: {fileID: 0}
  serializedVersion: 6
  m_Component:
  - component: {fileID: 1063673740405350557}
  - component: {fileID: 1063673740408202021}
  - component: {fileID: 1063673740407595745}
  m_Layer: 0
  m_Name: box_body
  m_TagString: Untagged
  m_Icon: {fileID: 0}
  m_NavMeshLayer: 0
  m_StaticEditorFlags: 0
  m_IsActive: 1
--- !u!4 &1063673740405350557
Transform:
  m_ObjectHideFlags: 0
  m_CorrespondingSourceObject: {fileID: 0}
  m_PrefabInstance: {fileID: 0}
  m_PrefabAsset: {fileID: 0}
  m_GameObject: {fileID: 1063673740405047803}
  m_LocalRotation: {x: -0.7071068, y: -0, z: -0, w: 0.7071068}
  m_LocalPosition: {x: 0, y: 0, z: 0}
  m_LocalScale: {x: 1, y: 1, z: 1}
  m_Children: []
  m_Father: {fileID: 7466824305525648992}
  m_RootOrder: 0
  m_LocalEulerAnglesHint: {x: 0, y: 0, z: 0}
--- !u!33 &1063673740408202021
MeshFilter:
  m_ObjectHideFlags: 0
  m_CorrespondingSourceObject: {fileID: 0}
  m_PrefabInstance: {fileID: 0}
  m_PrefabAsset: {fileID: 0}
  m_GameObject: {fileID: 1063673740405047803}
  m_Mesh: {fileID: 4300002, guid: 3fe47bcef97348f4e8fbc0553a357aeb, type: 3}
--- !u!23 &1063673740407595745
MeshRenderer:
  m_ObjectHideFlags: 0
  m_CorrespondingSourceObject: {fileID: 0}
  m_PrefabInstance: {fileID: 0}
  m_PrefabAsset: {fileID: 0}
  m_GameObject: {fileID: 1063673740405047803}
  m_Enabled: 1
  m_CastShadows: 1
  m_ReceiveShadows: 1
  m_DynamicOccludee: 1
  m_MotionVectors: 1
  m_LightProbeUsage: 1
  m_ReflectionProbeUsage: 1
  m_RayTracingMode: 2
  m_RayTraceProcedural: 0
  m_RenderingLayerMask: 1
  m_RendererPriority: 0
  m_Materials:
  - {fileID: 2100000, guid: e79ae95429235264d93c3ad5628aa9a8, type: 2}
  m_StaticBatchInfo:
    firstSubMesh: 0
    subMeshCount: 0
  m_StaticBatchRoot: {fileID: 0}
  m_ProbeAnchor: {fileID: 0}
  m_LightProbeVolumeOverride: {fileID: 0}
  m_ScaleInLightmap: 1
  m_ReceiveGI: 1
  m_PreserveUVs: 0
  m_IgnoreNormalsForChartDetection: 0
  m_ImportantGI: 0
  m_StitchLightmapSeams: 1
  m_SelectedEditorRenderState: 3
  m_MinimumChartSize: 4
  m_AutoUVMaxDistance: 0.5
  m_AutoUVMaxAngle: 89
  m_LightmapParameters: {fileID: 0}
  m_SortingLayerID: 0
  m_SortingLayer: 0
  m_SortingOrder: 0
  m_AdditionalVertexStreams: {fileID: 0}
--- !u!1 &1063673740405061911
GameObject:
  m_ObjectHideFlags: 0
  m_CorrespondingSourceObject: {fileID: 0}
  m_PrefabInstance: {fileID: 0}
  m_PrefabAsset: {fileID: 0}
  serializedVersion: 6
  m_Component:
  - component: {fileID: 1063673740405302361}
  - component: {fileID: 1063673740408223277}
  - component: {fileID: 1063673740407095231}
  m_Layer: 0
  m_Name: box_cap
  m_TagString: Untagged
  m_Icon: {fileID: 0}
  m_NavMeshLayer: 0
  m_StaticEditorFlags: 0
  m_IsActive: 1
--- !u!4 &1063673740405302361
Transform:
  m_ObjectHideFlags: 0
  m_CorrespondingSourceObject: {fileID: 0}
  m_PrefabInstance: {fileID: 0}
  m_PrefabAsset: {fileID: 0}
  m_GameObject: {fileID: 1063673740405061911}
  m_LocalRotation: {x: -0.61601543, y: -0.34716722, z: 0.34716728, w: 0.61601526}
  m_LocalPosition: {x: -0.25601196, y: 0.15299988, z: 0}
  m_LocalScale: {x: 1, y: 1, z: 1}
  m_Children: []
  m_Father: {fileID: 7466824305525648992}
  m_RootOrder: 1
  m_LocalEulerAnglesHint: {x: -31.192, y: -90, z: 90}
--- !u!33 &1063673740408223277
MeshFilter:
  m_ObjectHideFlags: 0
  m_CorrespondingSourceObject: {fileID: 0}
  m_PrefabInstance: {fileID: 0}
  m_PrefabAsset: {fileID: 0}
  m_GameObject: {fileID: 1063673740405061911}
  m_Mesh: {fileID: 4300004, guid: 3fe47bcef97348f4e8fbc0553a357aeb, type: 3}
--- !u!23 &1063673740407095231
MeshRenderer:
  m_ObjectHideFlags: 0
  m_CorrespondingSourceObject: {fileID: 0}
  m_PrefabInstance: {fileID: 0}
  m_PrefabAsset: {fileID: 0}
  m_GameObject: {fileID: 1063673740405061911}
  m_Enabled: 1
  m_CastShadows: 1
  m_ReceiveShadows: 1
  m_DynamicOccludee: 1
  m_MotionVectors: 1
  m_LightProbeUsage: 1
  m_ReflectionProbeUsage: 1
  m_RayTracingMode: 2
  m_RayTraceProcedural: 0
  m_RenderingLayerMask: 1
  m_RendererPriority: 0
  m_Materials:
  - {fileID: 2100000, guid: e79ae95429235264d93c3ad5628aa9a8, type: 2}
  m_StaticBatchInfo:
    firstSubMesh: 0
    subMeshCount: 0
  m_StaticBatchRoot: {fileID: 0}
  m_ProbeAnchor: {fileID: 0}
  m_LightProbeVolumeOverride: {fileID: 0}
  m_ScaleInLightmap: 1
  m_ReceiveGI: 1
  m_PreserveUVs: 0
  m_IgnoreNormalsForChartDetection: 0
  m_ImportantGI: 0
  m_StitchLightmapSeams: 1
  m_SelectedEditorRenderState: 3
  m_MinimumChartSize: 4
  m_AutoUVMaxDistance: 0.5
  m_AutoUVMaxAngle: 89
  m_LightmapParameters: {fileID: 0}
  m_SortingLayerID: 0
  m_SortingLayer: 0
  m_SortingOrder: 0
  m_AdditionalVertexStreams: {fileID: 0}
--- !u!1 &1063673740405069641
GameObject:
  m_ObjectHideFlags: 0
  m_CorrespondingSourceObject: {fileID: 0}
  m_PrefabInstance: {fileID: 0}
  m_PrefabAsset: {fileID: 0}
  serializedVersion: 6
  m_Component:
  - component: {fileID: 1063673740405281501}
  - component: {fileID: 6750663832536501369}
  m_Layer: 0
  m_Name: visibleElements
  m_TagString: Untagged
  m_Icon: {fileID: 0}
  m_NavMeshLayer: 0
  m_StaticEditorFlags: 0
  m_IsActive: 1
--- !u!4 &1063673740405281501
Transform:
  m_ObjectHideFlags: 0
  m_CorrespondingSourceObject: {fileID: 0}
  m_PrefabInstance: {fileID: 0}
  m_PrefabAsset: {fileID: 0}
  m_GameObject: {fileID: 1063673740405069641}
  m_LocalRotation: {x: 0, y: 0, z: 0, w: 1}
  m_LocalPosition: {x: 0, y: 0, z: 0}
  m_LocalScale: {x: 1, y: 1, z: 1}
  m_Children:
  - {fileID: 7466824305525648992}
  - {fileID: 8615438559151817831}
  m_Father: {fileID: 1611412438662871673}
  m_RootOrder: 1
  m_LocalEulerAnglesHint: {x: 0, y: 0, z: 0}
--- !u!114 &6750663832536501369
MonoBehaviour:
  m_ObjectHideFlags: 0
  m_CorrespondingSourceObject: {fileID: 0}
  m_PrefabInstance: {fileID: 0}
  m_PrefabAsset: {fileID: 0}
  m_GameObject: {fileID: 1063673740405069641}
  m_Enabled: 1
  m_EditorHideFlags: 0
  m_Script: {fileID: 11500000, guid: 99d5492b3ac8d824ab8c8f9d739cb92a, type: 3}
  m_Name: 
  m_EditorClassIdentifier: 
  RotationAxis: {x: 0, y: 1, z: 0}
  RotationSpeed: 30
--- !u!1 &1611412438662871668
GameObject:
  m_ObjectHideFlags: 0
  m_CorrespondingSourceObject: {fileID: 0}
  m_PrefabInstance: {fileID: 0}
  m_PrefabAsset: {fileID: 0}
  serializedVersion: 6
  m_Component:
  - component: {fileID: 1611412438662871673}
  - component: {fileID: 1611412438662871670}
  - component: {fileID: 1611412438662871672}
  - component: {fileID: 3887333136791872000}
  m_Layer: 0
  m_Name: AmmoAK47
  m_TagString: Untagged
  m_Icon: {fileID: 0}
  m_NavMeshLayer: 0
  m_StaticEditorFlags: 0
  m_IsActive: 1
--- !u!4 &1611412438662871673
Transform:
  m_ObjectHideFlags: 0
  m_CorrespondingSourceObject: {fileID: 0}
  m_PrefabInstance: {fileID: 0}
  m_PrefabAsset: {fileID: 0}
  m_GameObject: {fileID: 1611412438662871668}
  m_LocalRotation: {x: 0, y: 0, z: 0, w: 1}
  m_LocalPosition: {x: 458.9, y: 27.92, z: 145.416}
  m_LocalScale: {x: 1, y: 1, z: 1}
  m_Children:
  - {fileID: 5753058210469478085}
  - {fileID: 1063673740405281501}
  m_Father: {fileID: 0}
  m_RootOrder: 0
  m_LocalEulerAnglesHint: {x: 0, y: 0, z: 0}
--- !u!65 &1611412438662871670
BoxCollider:
  m_ObjectHideFlags: 0
  m_CorrespondingSourceObject: {fileID: 0}
  m_PrefabInstance: {fileID: 0}
  m_PrefabAsset: {fileID: 0}
  m_GameObject: {fileID: 1611412438662871668}
  m_Material: {fileID: 0}
  m_IsTrigger: 1
  m_Enabled: 1
  serializedVersion: 2
  m_Size: {x: 1, y: 1, z: 1}
  m_Center: {x: 0, y: 0, z: 0}
--- !u!82 &1611412438662871672
AudioSource:
  m_ObjectHideFlags: 0
  m_CorrespondingSourceObject: {fileID: 0}
  m_PrefabInstance: {fileID: 0}
  m_PrefabAsset: {fileID: 0}
  m_GameObject: {fileID: 1611412438662871668}
  m_Enabled: 1
  serializedVersion: 4
  OutputAudioMixerGroup: {fileID: 0}
  m_audioClip: {fileID: 8300000, guid: 3e9817828cb06774cab38224b02457d7, type: 3}
  m_PlayOnAwake: 0
  m_Volume: 1
  m_Pitch: 1
  Loop: 0
  Mute: 0
  Spatialize: 0
  SpatializePostEffects: 0
  Priority: 128
  DopplerLevel: 1
  MinDistance: 1
  MaxDistance: 500
  Pan2D: 0
  rolloffMode: 0
  BypassEffects: 0
  BypassListenerEffects: 0
  BypassReverbZones: 0
  rolloffCustomCurve:
    serializedVersion: 2
    m_Curve:
    - serializedVersion: 3
      time: 0
      value: 1
      inSlope: 0
      outSlope: 0
      tangentMode: 0
      weightedMode: 0
      inWeight: 0.33333334
      outWeight: 0.33333334
    - serializedVersion: 3
      time: 1
      value: 0
      inSlope: 0
      outSlope: 0
      tangentMode: 0
      weightedMode: 0
      inWeight: 0.33333334
      outWeight: 0.33333334
    m_PreInfinity: 2
    m_PostInfinity: 2
    m_RotationOrder: 4
  panLevelCustomCurve:
    serializedVersion: 2
    m_Curve:
    - serializedVersion: 3
      time: 0
      value: 0
      inSlope: 0
      outSlope: 0
      tangentMode: 0
      weightedMode: 0
      inWeight: 0.33333334
      outWeight: 0.33333334
    m_PreInfinity: 2
    m_PostInfinity: 2
    m_RotationOrder: 4
  spreadCustomCurve:
    serializedVersion: 2
    m_Curve:
    - serializedVersion: 3
      time: 0
      value: 0
      inSlope: 0
      outSlope: 0
      tangentMode: 0
      weightedMode: 0
      inWeight: 0.33333334
      outWeight: 0.33333334
    m_PreInfinity: 2
    m_PostInfinity: 2
    m_RotationOrder: 4
  reverbZoneMixCustomCurve:
    serializedVersion: 2
    m_Curve:
    - serializedVersion: 3
      time: 0
      value: 1
      inSlope: 0
      outSlope: 0
      tangentMode: 0
      weightedMode: 0
      inWeight: 0.33333334
      outWeight: 0.33333334
    m_PreInfinity: 2
    m_PostInfinity: 2
    m_RotationOrder: 4
--- !u!114 &3887333136791872000
MonoBehaviour:
  m_ObjectHideFlags: 0
  m_CorrespondingSourceObject: {fileID: 0}
  m_PrefabInstance: {fileID: 0}
  m_PrefabAsset: {fileID: 0}
  m_GameObject: {fileID: 1611412438662871668}
  m_Enabled: 1
  m_EditorHideFlags: 0
  m_Script: {fileID: 11500000, guid: 98ca6b6503dae7047b380ccc24e819bb, type: 3}
  m_Name: 
  m_EditorClassIdentifier: 
  m_itemName: Ammo
  m_expiresImmediately: 0
  m_expiresWithTime: 3
  m_effect: {fileID: 5754729833038812593}
  m_visualMesh: {fileID: 1063673740405069641}
  m_sfx: {fileID: 1611412438662871672}
  Ammo: 100
  AmmoType: 2
--- !u!1 &4985739061619777055
GameObject:
  m_ObjectHideFlags: 0
  m_CorrespondingSourceObject: {fileID: 0}
  m_PrefabInstance: {fileID: 0}
  m_PrefabAsset: {fileID: 0}
  serializedVersion: 6
  m_Component:
  - component: {fileID: 7466824305525648992}
  m_Layer: 0
  m_Name: box
  m_TagString: Untagged
  m_Icon: {fileID: 0}
  m_NavMeshLayer: 0
  m_StaticEditorFlags: 0
  m_IsActive: 1
--- !u!4 &7466824305525648992
Transform:
  m_ObjectHideFlags: 0
  m_CorrespondingSourceObject: {fileID: 0}
  m_PrefabInstance: {fileID: 0}
  m_PrefabAsset: {fileID: 0}
  m_GameObject: {fileID: 4985739061619777055}
  m_LocalRotation: {x: 0, y: 0, z: 0, w: 1}
  m_LocalPosition: {x: 0, y: 0, z: 0}
  m_LocalScale: {x: 1, y: 1, z: 1}
  m_Children:
  - {fileID: 1063673740405350557}
  - {fileID: 1063673740405302361}
  m_Father: {fileID: 1063673740405281501}
  m_RootOrder: 0
  m_LocalEulerAnglesHint: {x: 0, y: 0, z: 0}
--- !u!1001 &5753837664611301921
PrefabInstance:
  m_ObjectHideFlags: 0
  serializedVersion: 2
  m_Modification:
    m_TransformParent: {fileID: 1611412438662871673}
    m_Modifications:
    - target: {fileID: 1500378020736912, guid: 2547a66872ebe45408ace228820a79e1, type: 3}
      propertyPath: m_Name
      value: Star_B
      objectReference: {fileID: 0}
    - target: {fileID: 4304763869332708, guid: 2547a66872ebe45408ace228820a79e1, type: 3}
      propertyPath: m_RootOrder
      value: 0
      objectReference: {fileID: 0}
    - target: {fileID: 4304763869332708, guid: 2547a66872ebe45408ace228820a79e1, type: 3}
      propertyPath: m_LocalPosition.x
      value: 0
      objectReference: {fileID: 0}
    - target: {fileID: 4304763869332708, guid: 2547a66872ebe45408ace228820a79e1, type: 3}
      propertyPath: m_LocalPosition.y
      value: 0.227
      objectReference: {fileID: 0}
    - target: {fileID: 4304763869332708, guid: 2547a66872ebe45408ace228820a79e1, type: 3}
      propertyPath: m_LocalPosition.z
      value: 0
      objectReference: {fileID: 0}
    - target: {fileID: 4304763869332708, guid: 2547a66872ebe45408ace228820a79e1, type: 3}
      propertyPath: m_LocalRotation.w
      value: 1
      objectReference: {fileID: 0}
    - target: {fileID: 4304763869332708, guid: 2547a66872ebe45408ace228820a79e1, type: 3}
      propertyPath: m_LocalRotation.x
      value: 0
      objectReference: {fileID: 0}
    - target: {fileID: 4304763869332708, guid: 2547a66872ebe45408ace228820a79e1, type: 3}
      propertyPath: m_LocalRotation.y
      value: 0
      objectReference: {fileID: 0}
    - target: {fileID: 4304763869332708, guid: 2547a66872ebe45408ace228820a79e1, type: 3}
      propertyPath: m_LocalRotation.z
      value: 0
      objectReference: {fileID: 0}
    - target: {fileID: 4304763869332708, guid: 2547a66872ebe45408ace228820a79e1, type: 3}
      propertyPath: m_LocalEulerAnglesHint.x
      value: 0
      objectReference: {fileID: 0}
    - target: {fileID: 4304763869332708, guid: 2547a66872ebe45408ace228820a79e1, type: 3}
      propertyPath: m_LocalEulerAnglesHint.y
      value: 0
      objectReference: {fileID: 0}
    - target: {fileID: 4304763869332708, guid: 2547a66872ebe45408ace228820a79e1, type: 3}
      propertyPath: m_LocalEulerAnglesHint.z
      value: 0
      objectReference: {fileID: 0}
    m_RemovedComponents: []
  m_SourcePrefab: {fileID: 100100000, guid: 2547a66872ebe45408ace228820a79e1, type: 3}
--- !u!1 &5754729833038812593 stripped
GameObject:
  m_CorrespondingSourceObject: {fileID: 1500378020736912, guid: 2547a66872ebe45408ace228820a79e1, type: 3}
  m_PrefabInstance: {fileID: 5753837664611301921}
  m_PrefabAsset: {fileID: 0}
--- !u!4 &5753058210469478085 stripped
Transform:
  m_CorrespondingSourceObject: {fileID: 4304763869332708, guid: 2547a66872ebe45408ace228820a79e1, type: 3}
  m_PrefabInstance: {fileID: 5753837664611301921}
  m_PrefabAsset: {fileID: 0}
--- !u!1001 &8615438559151955687
PrefabInstance:
  m_ObjectHideFlags: 0
  serializedVersion: 2
  m_Modification:
    m_TransformParent: {fileID: 1063673740405281501}
    m_Modifications:
    - target: {fileID: 100000, guid: cc9754e10c7832e49b415a9bb12e73a2, type: 3}
      propertyPath: m_Name
      value: ak47
      objectReference: {fileID: 0}
    - target: {fileID: 100000, guid: cc9754e10c7832e49b415a9bb12e73a2, type: 3}
      propertyPath: m_IsActive
      value: 1
      objectReference: {fileID: 0}
    - target: {fileID: 400000, guid: cc9754e10c7832e49b415a9bb12e73a2, type: 3}
      propertyPath: m_RootOrder
      value: 1
      objectReference: {fileID: 0}
    - target: {fileID: 400000, guid: cc9754e10c7832e49b415a9bb12e73a2, type: 3}
      propertyPath: m_LocalPosition.x
      value: -1.88829e-17
      objectReference: {fileID: 0}
    - target: {fileID: 400000, guid: cc9754e10c7832e49b415a9bb12e73a2, type: 3}
      propertyPath: m_LocalPosition.y
      value: 0.387
      objectReference: {fileID: 0}
    - target: {fileID: 400000, guid: cc9754e10c7832e49b415a9bb12e73a2, type: 3}
      propertyPath: m_LocalPosition.z
      value: 0
      objectReference: {fileID: 0}
    - target: {fileID: 400000, guid: cc9754e10c7832e49b415a9bb12e73a2, type: 3}
      propertyPath: m_LocalRotation.w
      value: 1
      objectReference: {fileID: 0}
    - target: {fileID: 400000, guid: cc9754e10c7832e49b415a9bb12e73a2, type: 3}
      propertyPath: m_LocalRotation.x
      value: 0.00000008146034
      objectReference: {fileID: 0}
    - target: {fileID: 400000, guid: cc9754e10c7832e49b415a9bb12e73a2, type: 3}
      propertyPath: m_LocalRotation.y
      value: -0.000000043711392
      objectReference: {fileID: 0}
    - target: {fileID: 400000, guid: cc9754e10c7832e49b415a9bb12e73a2, type: 3}
      propertyPath: m_LocalRotation.z
      value: 4.9004456e-15
      objectReference: {fileID: 0}
    - target: {fileID: 400000, guid: cc9754e10c7832e49b415a9bb12e73a2, type: 3}
      propertyPath: m_LocalEulerAnglesHint.x
      value: 0
      objectReference: {fileID: 0}
    - target: {fileID: 400000, guid: cc9754e10c7832e49b415a9bb12e73a2, type: 3}
      propertyPath: m_LocalEulerAnglesHint.y
      value: 0
      objectReference: {fileID: 0}
    - target: {fileID: 400000, guid: cc9754e10c7832e49b415a9bb12e73a2, type: 3}
      propertyPath: m_LocalEulerAnglesHint.z
      value: 0
      objectReference: {fileID: 0}
    m_RemovedComponents: []
  m_SourcePrefab: {fileID: 100100000, guid: cc9754e10c7832e49b415a9bb12e73a2, type: 3}
--- !u!4 &8615438559151817831 stripped
Transform:
  m_CorrespondingSourceObject: {fileID: 400000, guid: cc9754e10c7832e49b415a9bb12e73a2, type: 3}
  m_PrefabInstance: {fileID: 8615438559151955687}
  m_PrefabAsset: {fileID: 0}
